<?xml version="1.0" encoding="UTF-8"?><collection><record><leader>05811ntm a2200553 a 4500</leader><controlfield tag="001">006804447</controlfield><controlfield tag="003">MiAaHDL</controlfield><controlfield tag="005">20190719000000.0</controlfield><controlfield tag="006">m        d        </controlfield><controlfield tag="007">cr bn ---auaua</controlfield><controlfield tag="008">090528q14491472xx            00| ||ara d</controlfield><datafield tag="035" ind1=" " ind2=" "><subfield code="a">(MiU)006804447</subfield></datafield><datafield tag="035" ind1=" " ind2=" "><subfield code="a">sdr-miu006804447</subfield></datafield><datafield tag="040" ind1=" " ind2=" "><subfield code="a">MiU</subfield><subfield code="c">MiU</subfield><subfield code="e">amremm</subfield></datafield><datafield tag="043" ind1=" " ind2=" "><subfield code="a">n-us-mi</subfield></datafield><datafield tag="100" ind1="1" ind2=" "><subfield code="6">880-01</subfield><subfield code="a">Farāhī, Badr al-Dīn Maḥmūd ibn Abī Bakr,</subfield><subfield code="d">d. 1242 or 3.</subfield></datafield><datafield tag="240" ind1="1" ind2="0"><subfield code="6">880-02</subfield><subfield code="a">Lumʻat al-badr</subfield></datafield><datafield tag="245" ind1="1" ind2="0"><subfield code="6">880-03</subfield><subfield code="a">Naẓm al-Jamīʻ al-ṣaghīr,</subfield><subfield code="f">[late 15th century?].</subfield></datafield><datafield tag="246" ind1="3" ind2=" "><subfield code="i">Title from tail edge inscription:</subfield><subfield code="a">جامع الصغير</subfield></datafield><datafield tag="260" ind1=" " ind2=" "><subfield code="c">[1449-1472?].</subfield></datafield><datafield tag="300" ind1=" " ind2=" "><subfield code="a">62 leaves :</subfield><subfield code="b">paper ;</subfield><subfield code="c">216 x 155 (155 x 95) mm.</subfield></datafield><datafield tag="500" ind1=" " ind2=" "><subfield code="a">Shelfmark: Ann Arbor, University of Michigan, Special Collections Library, Isl. Ms. 569</subfield></datafield><datafield tag="500" ind1=" " ind2=" "><subfield code="a">Origin: Lacks dated colophon ; paper, etc. would suggest mid to late 15th century. Damage and tail edge inscription (هدية ابن العماد وجامع الصغير بنظام [؟]) suggest that the codex originally opened with gatherings (now lost) carrying a transcript of Hadīyat Ibn al-ʻImād (cf. GAL II 291 no.3 and S II 402 no.3).</subfield></datafield><datafield tag="500" ind1=" " ind2=" "><subfield code="a">Accompanying materials: a. Inventory cataloguing slip in hand of Winifred Smeaton Thomas (pp.1-2) -- b. Acquisitions slip from Yahuda (pp.3-4).</subfield></datafield><datafield tag="500" ind1=" " ind2=" "><subfield code="a">Former shelfmark: From 'title page' (p.5) and envelope flap label "IL 395a" (likely supplied by Yahuda, see acquisitions slip).</subfield></datafield><datafield tag="500" ind1=" " ind2=" "><subfield code="a">Binding: Fiber boards (upper cover now lost) covered in shell marbled paper (mainly in blue, red, yellow, white) with red leather over spine and fore edge flap ; Type II binding (with flap) ; no board linings (i.e., interior of boards not lined, hinges and turn-ins only) ; sewn in grey-brown thread, two stations ; endbands have sustained significant losses but grey-brown primaries over red core still visible ; overall in quite poor condition with upper cover entirely lost, spine lining and leather almost gone, some abrasion and staining, etc. ; housed in board wrapper for protection.</subfield></datafield><datafield tag="500" ind1=" " ind2=" "><subfield code="a">Support: European laid paper of perhaps several types ; opening type with 9 laid lines per cm. (vertical), chain lines spaced roughly 28 mm. apart (horizontal), and scissors watermark (roughly 65 mm. tall, 33 mm. wide, see p.10, 11, etc. and compare Briquet 3685 Firenze etc. 1459-1472 and Piccard no. 122460 Bassano 1449 and no.122488-90/93 Ravenna 1470-71) ; next type with 10 laid lines per cm. (vertical), chain lines spaced 26 and 36-38 mm. apart (horizontal) and much smaller scissors watermark (roughly 48 mm. tall, 20-22 mm. wide, see p.22 / 32) ; another type with 9 laid lines per cm. (vertical), chain lines spaced 29 and 38 mm. apart (horizontal), and shears watermark (see p.90, 91, etc.) ; all sturdy, fairly transluscent and well-burnished ; some staining.</subfield></datafield><datafield tag="500" ind1=" " ind2=" "><subfield code="a">Script: Naskh with elements of nastaʻlīq (talik) ; clear Turkish hand in a bold line ; virtually serifless with effect of tilt to the right, slight effect of words descending to baseline, elongation of horizontal strokes, casually pointed in strokes rather than distinct dots, alif maqṣūrah and final yāʼ often mardūdah, hāʼ looking like two inverted commas, kāf mashqūqah preferred (even final kāf), freely ligatured.</subfield></datafield><datafield tag="500" ind1=" " ind2=" "><subfield code="a">Layout: Written in 9 and 12 lines per page with written area divided to two columns to set off the verses.</subfield></datafield><datafield tag="500" ind1=" " ind2=" "><subfield code="a">Collation: IV-1 (7), 6 IV(55), IV-1 (62) ; almost exclusively quaternions ; catchwords present ; pagination in pencil, Western numerals, supplied during digitization (includes inserts).</subfield></datafield><datafield tag="500" ind1=" " ind2=" "><subfield code="a">Explicit: "وما عودي بمنحوت ولما تقدم لي تقوم به الطعان لسبعة عشرة ومائين ست سنين [؟] احد لي هذا السنان ضحى يوم الخميس مدى جمادى الاخيرة حين باخ المعمعان لابيات الكتاب لها حساب لرغبة [؟] اخي فهذا الترجمان"</subfield></datafield><datafield tag="500" ind1=" " ind2=" "><subfield code="a">Incipit: "الحمد لله مزكي الشمس والقمر والى البرية ذي الاقدار والقدر ..."</subfield></datafield><datafield tag="500" ind1=" " ind2=" "><subfield code="a">Title from inscription on leaf affixed to 'title page' (p.5).</subfield></datafield><datafield tag="500" ind1=" " ind2=" "><subfield code="a">Ms. codex.</subfield></datafield><datafield tag="510" ind1="4" ind2=" "><subfield code="a">Ḥājjī Khalīfah. Kashf al-ẓunūn,</subfield><subfield code="c">v 336, ii 559,</subfield></datafield><datafield tag="510" ind1="4" ind2=" "><subfield code="a">Brockelmann, C. GAL,</subfield><subfield code="c">I 172 (IV. vers. b.)</subfield></datafield><datafield tag="520" ind1="8" ind2=" "><subfield code="a">Fine copy of Abū Naṣr al-Farāḥī's (d.1242) versification of al-Jamīʻ al-ṣaghīr fī al-furūʻ, the well-known legal treatise by Muḥammad ibn al-Ḥasan al-Shaybānī (d.804). Excerpts from Kashf al-ẓunūn addressing these two works appear on leaf affixed to 'title page' (p.5).</subfield></datafield><datafield tag="538" ind1=" " ind2=" "><subfield code="a">Mode of access: Internet.</subfield></datafield><datafield tag="541" ind1=" " ind2=" "><subfield code="a">Acquired in 1926 from the bookseller Isaac Benjamin S.E. Yahuda via purchase transacted on his behalf by Abraham Shalom Yahuda (1877-1951), his younger brother.</subfield></datafield><datafield tag="546" ind1=" " ind2=" "><subfield code="a">Arabic.</subfield></datafield><datafield tag="561" ind1=" " ind2=" "><subfield code="a">Extensive marginal and interlinear glosses ; occasional corrections ; among statements in Turkish at close (p.128), statement mentioning "فخر النواب مولانا ادريس المقحم" and date 1st Rabīʻ [?] 1010 [ca. 30 August or 29 September 1601].</subfield></datafield><datafield tag="600" ind1="1" ind2="0"><subfield code="a">Shaybānī, Muḥammad ibn al-Ḥasan,</subfield><subfield code="d">ca. 750-804 or 5.</subfield><subfield code="t">Jāmiʻ al-ṣaghīr.</subfield></datafield><datafield tag="650" ind1=" " ind2="0"><subfield code="a">Manuscripts, Arabic</subfield><subfield code="z">Michigan</subfield><subfield code="z">Ann Arbor.</subfield></datafield><datafield tag="650" ind1=" " ind2="0"><subfield code="a">Hanafites</subfield><subfield code="v">Early works to 1800.</subfield></datafield><datafield tag="650" ind1=" " ind2="0"><subfield code="a">Islamic law</subfield><subfield code="v">Early works to 1800.</subfield></datafield><datafield tag="773" ind1="0" ind2=" "><subfield code="a">Yahuda Collection.</subfield></datafield><datafield tag="880" ind1="1" ind2="0"><subfield code="6">245-03/</subfield><subfield code="a">نظم الجامع الصغير,</subfield><subfield code="f">[اواخر القرن 15م؟].</subfield></datafield><datafield tag="880" ind1="1" ind2="0"><subfield code="6">240-02/</subfield><subfield code="a">لمعة البدر</subfield></datafield><datafield tag="880" ind1="1" ind2=" "><subfield code="6">100-01/</subfield><subfield code="a">فراهي، بدر الدين محمود بن ابي بكر.</subfield></datafield><datafield tag="CID" ind1=" " ind2=" "><subfield code="a">006804447</subfield></datafield><datafield tag="DAT" ind1="0" ind2=" "><subfield code="a">20190719102636.0</subfield><subfield code="b">20190719000000.0</subfield></datafield><datafield tag="DAT" ind1="1" ind2=" "><subfield code="a">20190719090653.0</subfield><subfield code="b">2019-07-19T16:11:32Z</subfield></datafield><datafield tag="DAT" ind1="2" ind2=" "><subfield code="a">2015-10-02T18:00:03Z</subfield></datafield><datafield tag="CAT" ind1=" " ind2=" "><subfield code="a">SDR-MIU</subfield><subfield code="d">EX LIBRIS - ALEPH</subfield><subfield code="l">prepare.pl-004-008</subfield></datafield><datafield tag="FMT" ind1=" " ind2=" "><subfield code="a">BK</subfield></datafield><datafield tag="HOL" ind1=" " ind2=" "><subfield code="0">sdr-miu006804447</subfield><subfield code="a">MiU</subfield><subfield code="b">SDR</subfield><subfield code="c">MIU</subfield><subfield code="p">mdp.39015079126648</subfield><subfield code="s">MIU</subfield><subfield code="1">006804447</subfield></datafield><datafield tag="974" ind1=" " ind2=" "><subfield code="b">MIU</subfield><subfield code="c">MIU</subfield><subfield code="d">20190719</subfield><subfield code="s">lit-dlps-dc</subfield><subfield code="u">mdp.39015079126648</subfield><subfield code="y">1472</subfield><subfield code="r">pd</subfield><subfield code="q">bib</subfield><subfield code="t">non-US bib date2 &lt; 1896</subfield></datafield></record></collection>